@article{Paparrizos,
 author = {John Paparrizos and Luis Gravano},
 title = {k-Shape: Efficient and Accurate Clustering of Time Series},
 journal = {SIGMOD Rec.},
 issue_date = {March 2016},
 volume = {45},
 number = {1},
 month = jun,
 year = {2016},
 issn = {0163-5808},
 pages = {69--76},
 numpages = {8},
 url = {http://doi.acm.org/10.1145/2949741.2949758},
 doi = {10.1145/2949741.2949758},
 acmid = {2949758},
 publisher = {ACM},
 address = {New York, NY, USA},
} 

@article{McNicholas,
author = {Paul McNicholas and Sanjeena and Subedi},
year = {2012},
month = {05},
pages = {1114–1127},
title = {Clustering gene expression time course data using mixtures of multivariate t-distributions},
volume = {142},
booktitle = {Journal of Statistical Planning and Inference}
}

@article{Kumar,
author = {Lokesh Kumar and Matthias  Futschik},
year = {2007},
month = {02},
pages = {5-7},
title = {Kumar L, Futschik E.. Mfuzz: a software package for soft clustering of microarray data. Bioinformation 2: 5-7},
volume = {2},
booktitle = {Bioinformation}
}

@manual{UCR,
author = {Yanping Chen and Eamonn Keogh and Bing Hu and Nurjahan Begum and Anthony Bagnall and Abdullah Mueen and Gustavo Batista},
year = {2015},
title = {The UCR Time Series Classification Archive},
URL = {www.cs.ucr.edu/~eamonn/time_series_data/}}


@article{Abbiss,
author = {Chris R. Abbiss and Paul B. Laursen},
year = {2008},
month = {03},
pages = {239-52},
title = {Describing and Understanding Pacing Strategies during Athletic Competition},
volume = {38},
booktitle = {Sports medicine (Auckland, N.Z.)}
}

@ARTICLE{kmeans,
    author = {Stuart P. Lloyd},
    title = {Least squares quantization in pcm},
    journal = {IEEE Transactions on Information Theory},
    year = {1982},
    volume = {28},
    pages = {129--137}
}

@article{Muehlbauer_one,
author = {Thomas Muehlbauer and Christian Schindler and Alexander Widmer},
title = {Pacing pattern and performance during the 2008 Olympic rowing regatta},
journal = {European Journal of Sport Science},
volume = {10},
number = {5},
pages = {291-296},
year  = {2010},
publisher = {Routledge},
doi = {10.1080/17461390903426659},
URL = {https://doi.org/10.1080/17461390903426659},
eprint = {https://doi.org/10.1080/17461390903426659}
}

@Article{Kennedy,
   author={Michael D. Kennedy, and Gordon J. Bell},
   title={Development of race profiles for the performance of a simulated 2000-m rowing race},
   journal={Can J Appl Physiol},
   year={2003},
   volume={28},
   number={4},
   pages={536--546},
   month={Aug}
}


@Article{Muehlbauer_two,
     Title = {Pacing Patterns in Competitive Rowing Adopted in Different Race Categories},
     Author = {Thomas Muehlbauer and Thomas Melges},
     Journal = {The Journal of Strength & Conditioning Research},
     year = {2011},
     volume = {25},
     doi = {10.1519/JSC.0b013e3181d6882b},
     url = {https://journals.lww.com/nsca-jscr/Fulltext/2011/05000/Pacing_Patterns_in_Competitive_Rowing_Adopted_in.15.aspx},
}

@article {Garland,
	author = {Stephen W. Garland},
	title = {An analysis of the pacing strategy adopted by elite competitors in 2000 m rowing},
	volume = {39},
	number = {1},
	pages = {39--42},
	year = {2005},
	doi = {10.1136/bjsm.2003.010801},
	publisher = {British Association of Sport and Excercise Medicine},
	issn = {0306-3674},
	URL = {https://bjsm.bmj.com/content/39/1/39},
	eprint = {https://bjsm.bmj.com/content/39/1/39.full.pdf},
	journal = {British Journal of Sports Medicine}
}

@Manual{tidyverse,
    title = {tidyverse: Easily Install and Load the 'Tidyverse'},
    author = {Hadley Wickham},
    year = {2017},
    note = {R package version 1.2.1},
    url = {https://CRAN.R-project.org/package=tidyverse},
  }

@Manual{glue,
    title = {glue: Interpreted String Literals},
    author = {Jim Hester},
    year = {2018},
    note = {R package version 1.3.0},
    url = {https://CRAN.R-project.org/package=glue},
  }

  @Article{lubridate,
    title = {Dates and Times Made Easy with {lubridate}},
    author = {Garrett Grolemund and Hadley Wickham},
    journal = {Journal of Statistical Software},
    year = {2011},
    volume = {40},
    number = {3},
    pages = {1--25},
    url = {http://www.jstatsoft.org/v40/i03/},
  }

   @Manual{dtwclust,
    title = {dtwclust: Time Series Clustering Along with Optimizations for the Dynamic
Time Warping Distance},
    author = {Alexis Sarda-Espinosa},
    year = {2018},
    note = {R package version 5.5.0},
    url = {https://CRAN.R-project.org/package=dtwclust},
  }

   @Manual{pdftools,
    title = {pdftools: Text Extraction, Rendering and Converting of PDF Documents},
    author = {Jeroen Ooms},
    year = {2018},
    note = {R package version 1.8},
    url = {https://CRAN.R-project.org/package=pdftools},
}

  @Manual{devtools,
    title = {devtools: Tools to Make Developing R Packages Easier},
    author = {Hadley Wickham and Jim Hester and Winston Chang},
    year = {2018},
    note = {R package version 1.13.6},
    url = {https://CRAN.R-project.org/package=devtools},
  }

  @Manual{remotes,
    title = {remotes: R Package Installation from Remote Repositories, Including
'GitHub'},
    author = {Gábor Csárdi and Hadley Wickham and Winston Chang and Jim Hester and Martin Morgan and Dan Tenenbaum},
    year = {2017},
    note = {R package version 1.1.1},
    url = {https://CRAN.R-project.org/package=remotes},
  }

  @Manual{rJava,
    title = {rJava: Low-Level R to Java Interface},
    author = {Simon Urbanek},
    year = {2018},
    note = {R package version 0.9-10},
    url = {https://CRAN.R-project.org/package=rJava},
  }

  @Manual{tabulizer,
    title = {tabulizer: Bindings for Tabula PDF Table Extractor Library},
    author = {Thomas J. Leeper},
    year = {2018},
    note = {R package version 0.2.2},
  }

   @Manual{multidplyr,
    title = {multidplyr: Partitioned data frames for 'dplyr'},
    author = {Hadley Wickham},
    year = {2017},
    note = {R package version 0.0.0.9000},
    url = {https://github.com/hadley/multidplyr},
  }

    @Manual{R,
    title = {R: A Language and Environment for Statistical Computing},
    author = {{R Core Team}},
    organization = {R Foundation for Statistical Computing},
    address = {Vienna, Austria},
    year = {2018},
    url = {https://www.R-project.org/},
  }

    @InCollection{knitr,
    booktitle = {Implementing Reproducible Computational Research},
    editor = {Victoria Stodden and Friedrich Leisch and Roger D. Peng},
    title = {knitr: A Comprehensive Tool for Reproducible Research in {R}},
    author = {Yihui Xie},
    publisher = {Chapman and Hall/CRC},
    year = {2014},
    note = {ISBN 978-1466561595},
    url = {http://www.crcpress.com/product/isbn/9781466561595},
  }

@Book{ggplot2,
  author = {Hadley Wickham},
  title = {ggplot2: Elegant Graphics for Data Analysis},
  publisher = {Springer-Verlag New York},
  year = {2016},
  isbn = {978-3-319-24277-4},
  url = {http://ggplot2.org},
}

  @Manual{pander,
    title = {pander: An R 'Pandoc' Writer},
    author = {Gergely Daróczi and Roman Tsegelskyi},
    year = {2018},
    note = {R package version 0.6.2},
    url = {https://CRAN.R-project.org/package=pander},
  }

@Manual{tinytex,
    title = {tinytex: Helper Functions to Install and Maintain 'TeX Live', and Compile 'LaTeX' Documents},
    author = {Yihui Xie},
    note = {R package version 0.8.1},
    url = {https://github.com/yihui/tinytex},
  }
  
@Manual{dplyr,
    title = {dplyr: A Grammar of Data Manipulation},
    author = {Hadley Wickham and Romain François and Lionel Henry and Kirill Müller},
    year = {2018},
    note = {R package version 0.7.6},
    url = {https://CRAN.R-project.org/package=dplyr},
  }
  
@Manual{stringr,
    title = {stringr: Simple, Consistent Wrappers for Common String Operations},
    author = {Hadley Wickham},
    year = {2018},
    note = {R package version 1.3.1},
    url = {https://CRAN.R-project.org/package=stringr},
  }
  
@Manual{purrr,
    title = {purrr: Functional Programming Tools},
    author = {Lionel Henry and Hadley Wickham},
    year = {2018},
    note = {R package version 0.2.5},
    url = {https://CRAN.R-project.org/package=purrr},
  }
  
@Manual{forcats,
    title = {forcats: Tools for Working with Categorical Variables (Factors)},
    author = {Hadley Wickham},
    year = {2018},
    note = {R package version 0.3.0},
    url = {https://CRAN.R-project.org/package=forcats},
  }  
  
@Manual{toOrdinal,
    title = {{toOrdinal}: Function for Converting Cardinal to Ordinal Numbers by Adding a Language Specific Ordinal Indicator to the Number},
    author = {Damian W. Betebenner},
    year = {2017},
    note = {R package version 1.0-0.0},
    url = {https://centerforassessment.github.io/toOrdinal},
  }
